[gd_scene load_steps=40 format=2]

[ext_resource path="res://Scripts/Enem1_Kinematic_Body.gd" type="Script" id=1]
[ext_resource path="res://Assets/ours/animations/enemy2_idle/enemy2_idle_00000.png" type="Texture" id=2]
[ext_resource path="res://Assets/ours/animations/enemy2_idle/enemy2_idle_00001.png" type="Texture" id=3]
[ext_resource path="res://Assets/ours/animations/enemy2_idle/enemy2_idle_00002.png" type="Texture" id=4]
[ext_resource path="res://Assets/ours/animations/enemy2_idle/enemy2_idle_00003.png" type="Texture" id=5]
[ext_resource path="res://Assets/ours/animations/enemy2_idle/enemy2_idle_00004.png" type="Texture" id=6]
[ext_resource path="res://Assets/ours/animations/enemy2_idle/enemy2_idle_00005.png" type="Texture" id=7]
[ext_resource path="res://Assets/ours/animations/enemy2_idle/enemy2_idle_00006.png" type="Texture" id=8]
[ext_resource path="res://Assets/ours/animations/enemy2_idle/enemy2_idle_00007.png" type="Texture" id=9]
[ext_resource path="res://Assets/ours/animations/enemy2_idle/enemy2_idle_00008.png" type="Texture" id=10]
[ext_resource path="res://Assets/ours/animations/enemy2_idle/enemy2_idle_00009.png" type="Texture" id=11]
[ext_resource path="res://Assets/ours/animations/enemy2_idle/enemy2_idle_00010.png" type="Texture" id=12]
[ext_resource path="res://Assets/ours/animations/enemy2_idle/enemy2_idle_00011.png" type="Texture" id=13]
[ext_resource path="res://Assets/ours/animations/enemy2_idle/enemy2_idle_00012.png" type="Texture" id=14]
[ext_resource path="res://Assets/ours/animations/enemy2_idle/enemy2_idle_00013.png" type="Texture" id=15]
[ext_resource path="res://Assets/ours/animations/enemy2_idle/enemy2_idle_00014.png" type="Texture" id=16]
[ext_resource path="res://Assets/ours/animations/enemy2_idle/enemy2_idle_00015.png" type="Texture" id=17]
[ext_resource path="res://Assets/ours/animations/enemy2_idle/enemy2_idle_00016.png" type="Texture" id=18]
[ext_resource path="res://Assets/ours/animations/enemy2_idle/enemy2_idle_00017.png" type="Texture" id=19]
[ext_resource path="res://Assets/ours/animations/enemy2_idle/enemy2_idle_00018.png" type="Texture" id=20]
[ext_resource path="res://Assets/ours/animations/enemy2_idle/enemy2_idle_00019.png" type="Texture" id=21]
[ext_resource path="res://Assets/ours/animations/enemy2_idle/enemy2_idle_00020.png" type="Texture" id=22]
[ext_resource path="res://Assets/ours/animations/enemy2_idle/enemy2_idle_00021.png" type="Texture" id=23]
[ext_resource path="res://Assets/ours/animations/enemy2_idle/enemy2_idle_00022.png" type="Texture" id=24]
[ext_resource path="res://Assets/ours/animations/enemy2_idle/enemy2_idle_00023.png" type="Texture" id=25]
[ext_resource path="res://Assets/ours/animations/enemy2_idle/enemy2_idle_00024.png" type="Texture" id=26]
[ext_resource path="res://Assets/ours/animations/enemy2_idle/enemy2_idle_00025.png" type="Texture" id=27]
[ext_resource path="res://Assets/ours/animations/enemy2_idle/enemy2_idle_00026.png" type="Texture" id=28]
[ext_resource path="res://Assets/ours/animations/enemy2_idle/enemy2_idle_00027.png" type="Texture" id=29]
[ext_resource path="res://Assets/ours/animations/enemy2_idle/enemy2_idle_00028.png" type="Texture" id=30]
[ext_resource path="res://Assets/ours/animations/enemy2_idle/enemy2_idle_00029.png" type="Texture" id=31]
[ext_resource path="res://Assets/ours/animations/enemy2_idle/enemy2_idle_00030.png" type="Texture" id=32]
[ext_resource path="res://Assets/ours/animations/enemy2_idle/enemy2_idle_00031.png" type="Texture" id=33]
[ext_resource path="res://Assets/ours/animations/enemy2_idle/enemy2_idle_00032.png" type="Texture" id=34]
[ext_resource path="res://Assets/ours/animations/enemy2_idle/enemy2_idle_00033.png" type="Texture" id=35]
[ext_resource path="res://Assets/ours/animations/enemy2_idle/enemy2_idle_00034.png" type="Texture" id=36]
[ext_resource path="res://Assets/ours/animations/enemy2_idle/enemy2_idle_00035.png" type="Texture" id=37]

[sub_resource type="CircleShape2D" id=1]

custom_solver_bias = 0.0
radius = 33.7537

[sub_resource type="SpriteFrames" id=2]

animations = [ {
"frames": [ ExtResource( 2 ), ExtResource( 3 ), ExtResource( 4 ), ExtResource( 5 ), ExtResource( 6 ), ExtResource( 7 ), ExtResource( 8 ), ExtResource( 9 ), ExtResource( 10 ), ExtResource( 11 ), ExtResource( 12 ), ExtResource( 13 ), ExtResource( 14 ), ExtResource( 15 ), ExtResource( 16 ), ExtResource( 17 ), ExtResource( 18 ), ExtResource( 19 ), ExtResource( 20 ), ExtResource( 21 ), ExtResource( 22 ), ExtResource( 23 ), ExtResource( 24 ), ExtResource( 25 ), ExtResource( 26 ), ExtResource( 27 ), ExtResource( 28 ), ExtResource( 29 ), ExtResource( 30 ), ExtResource( 31 ), ExtResource( 32 ), ExtResource( 33 ), ExtResource( 34 ), ExtResource( 35 ), ExtResource( 36 ), ExtResource( 37 ) ],
"loop": true,
"name": "idle",
"speed": 15.0
} ]

[node name="Enem1" type="Node2D" index="0"]

__meta__ = {
"_edit_group_": true
}

[node name="KinematicBody2D" type="KinematicBody2D" parent="." index="0"]

input_pickable = false
collision_layer = 1
collision_mask = 1
collision/safe_margin = 0.08
script = ExtResource( 1 )

[node name="CollisionShape2D" type="CollisionShape2D" parent="KinematicBody2D" index="0"]

visible = false
shape = SubResource( 1 )

[node name="AnimatedSprite" type="AnimatedSprite" parent="." index="1"]

frames = SubResource( 2 )
animation = "idle"
frame = 22
playing = true


