[gd_scene load_steps=11 format=2]

[ext_resource path="res://Scripts/Game Over.gd" type="Script" id=1]
[ext_resource path="res://Assets/ours/scenes_graphics/GameOver.png" type="Texture" id=2]
[ext_resource path="res://Assets/ours/menu_buttons/playAgain_.png" type="Texture" id=3]
[ext_resource path="res://Assets/ours/menu_buttons/playAgain_selected.png" type="Texture" id=4]
[ext_resource path="res://Assets/ours/menu_buttons/playAgain_choose.png" type="Texture" id=5]
[ext_resource path="res://Assets/ours/sounds_v1/screen_sounds/screen_game-over.wav" type="AudioStream" id=6]
[ext_resource path="res://Assets/ours/sounds_v1/menu_button.wav" type="AudioStream" id=7]
[ext_resource path="res://Assets/ours/sounds_v1/menu_button_click.wav" type="AudioStream" id=8]
[ext_resource path="res://Assets/ours/fonts/Charlemagne-Std-Bold_10185.ttf" type="DynamicFontData" id=9]

[sub_resource type="DynamicFont" id=1]

size = 35
use_mipmaps = false
use_filter = false
font_data = ExtResource( 9 )
_sections_unfolded = [ "Font", "Settings" ]

[node name="Game Over" type="Control"]

anchor_left = 0.0
anchor_top = 0.0
anchor_right = 1.0
anchor_bottom = 1.0
rect_pivot_offset = Vector2( 0, 0 )
rect_clip_content = false
mouse_filter = 0
mouse_default_cursor_shape = 0
size_flags_horizontal = 1
size_flags_vertical = 1
script = ExtResource( 1 )

[node name="TextureRect" type="TextureRect" parent="." index="0"]

anchor_left = 0.0
anchor_top = 0.0
anchor_right = 1.0
anchor_bottom = 1.0
rect_pivot_offset = Vector2( 0, 0 )
rect_clip_content = false
mouse_filter = 1
mouse_default_cursor_shape = 0
size_flags_horizontal = 1
size_flags_vertical = 1
texture = ExtResource( 2 )
expand = true
stretch_mode = 0

[node name="TextureButton" type="TextureButton" parent="." index="1"]

anchor_left = 0.0
anchor_top = 0.0
anchor_right = 0.0
anchor_bottom = 0.0
margin_left = 1281.0
margin_top = 788.0
margin_right = 1547.0
margin_bottom = 842.0
rect_pivot_offset = Vector2( 0, 0 )
rect_clip_content = false
focus_mode = 2
mouse_filter = 0
mouse_default_cursor_shape = 0
size_flags_horizontal = 1
size_flags_vertical = 1
toggle_mode = false
enabled_focus_mode = 2
shortcut = null
group = null
texture_normal = ExtResource( 3 )
texture_pressed = ExtResource( 4 )
texture_hover = ExtResource( 5 )
expand = true
_sections_unfolded = [ "Textures" ]

[node name="GameOverSound" type="AudioStreamPlayer2D" parent="." index="2"]

stream = ExtResource( 6 )
volume_db = 20.0
pitch_scale = 1.0
autoplay = false
max_distance = 2000.0
attenuation = 1.0
bus = "Master"
area_mask = 1

[node name="ButtonHovered" type="AudioStreamPlayer2D" parent="." index="3"]

stream = ExtResource( 7 )
volume_db = 16.35
pitch_scale = 1.0
autoplay = false
max_distance = 2000.0
attenuation = 1.0
bus = "Master"
area_mask = 1

[node name="ButtonClicked" type="AudioStreamPlayer2D" parent="." index="4"]

stream = ExtResource( 8 )
volume_db = 2.59
pitch_scale = 1.0
autoplay = false
max_distance = 2000.0
attenuation = 1.0
bus = "Master"
area_mask = 1

[node name="BackButtonTimer" type="Timer" parent="." index="5"]

process_mode = 1
wait_time = 1.0
one_shot = false
autostart = false

[node name="Label" type="Label" parent="." index="6"]

anchor_left = 0.0
anchor_top = 0.0
anchor_right = 0.0
anchor_bottom = 0.0
margin_left = 1288.0
margin_top = 730.0
margin_right = 1427.0
margin_bottom = 766.0
rect_pivot_offset = Vector2( 0, 0 )
rect_clip_content = false
mouse_filter = 2
mouse_default_cursor_shape = 0
size_flags_horizontal = 1
size_flags_vertical = 4
custom_fonts/font = SubResource( 1 )
text = "Score:"
percent_visible = 1.0
lines_skipped = 0
max_lines_visible = -1
_sections_unfolded = [ "custom_fonts" ]

[node name="Label2" type="Label" parent="." index="7"]

anchor_left = 0.0
anchor_top = 0.0
anchor_right = 0.0
anchor_bottom = 0.0
margin_left = 1446.0
margin_top = 730.0
margin_right = 1585.0
margin_bottom = 766.0
rect_pivot_offset = Vector2( 0, 0 )
rect_clip_content = false
mouse_filter = 2
mouse_default_cursor_shape = 0
size_flags_horizontal = 1
size_flags_vertical = 4
custom_fonts/font = SubResource( 1 )
text = "0"
percent_visible = 1.0
lines_skipped = 0
max_lines_visible = -1
_sections_unfolded = [ "custom_fonts" ]

[connection signal="mouse_entered" from="TextureButton" to="." method="_on_TextureButton_mouse_entered"]

[connection signal="pressed" from="TextureButton" to="." method="_on_TextureButton_pressed"]

[connection signal="timeout" from="BackButtonTimer" to="." method="_on_BackButtonTimer_timeout"]


