[gd_scene load_steps=28 format=2]

[ext_resource path="res://Scripts/Game Start_1.gd" type="Script" id=1]
[ext_resource path="res://Assets/ours/new/ekran-startowy.png" type="Texture" id=2]
[ext_resource path="res://Assets/ours/new/SUB-SEA-LOGO.png" type="Texture" id=3]
[ext_resource path="res://Assets/ours/menu_buttons/press_AK_.png" type="Texture" id=4]
[ext_resource path="res://Scripts/press_AK_.gd" type="Script" id=5]
[ext_resource path="res://Assets/ours/scenes_graphics/ekran-startowy.png" type="Texture" id=6]
[ext_resource path="res://Assets/ours/menu_buttons/menu_background.png" type="Texture" id=7]
[ext_resource path="res://Assets/ours/menu_buttons/start_.png" type="Texture" id=8]
[ext_resource path="res://Assets/ours/menu_buttons/start_choose.png" type="Texture" id=9]
[ext_resource path="res://Assets/ours/menu_buttons/start_selected.png" type="Texture" id=10]
[ext_resource path="res://Assets/ours/menu_buttons/sound_on_.png" type="Texture" id=11]
[ext_resource path="res://Assets/ours/menu_buttons/sound_off_.png" type="Texture" id=12]
[ext_resource path="res://Assets/ours/menu_buttons/sound_on_selected.png" type="Texture" id=13]
[ext_resource path="res://Assets/ours/menu_buttons/sound_off_selected.png" type="Texture" id=14]
[ext_resource path="res://Assets/ours/menu_buttons/controls_.png" type="Texture" id=15]
[ext_resource path="res://Assets/ours/menu_buttons/controls_choose.png" type="Texture" id=16]
[ext_resource path="res://Assets/ours/menu_buttons/controls_selected.png" type="Texture" id=17]
[ext_resource path="res://Assets/ours/menu_buttons/quit_.png" type="Texture" id=18]
[ext_resource path="res://Assets/ours/menu_buttons/quit_choose.png" type="Texture" id=19]
[ext_resource path="res://Assets/ours/menu_buttons/quit_selected.png" type="Texture" id=20]
[ext_resource path="res://Assets/ours/new/controlss_.png" type="Texture" id=21]
[ext_resource path="res://Assets/ours/menu_buttons/back_.png" type="Texture" id=22]
[ext_resource path="res://Assets/ours/menu_buttons/back_choose.png" type="Texture" id=23]
[ext_resource path="res://Assets/ours/menu_buttons/back_selected.png" type="Texture" id=24]
[ext_resource path="res://Assets/ours/sounds_v1/ambience_loop.wav" type="AudioStream" id=25]
[ext_resource path="res://Assets/ours/sounds_v1/menu_button.wav" type="AudioStream" id=26]
[ext_resource path="res://Assets/ours/sounds_v1/menu_button_click.wav" type="AudioStream" id=27]

[node name="GameStartControl" type="Control"]

anchor_left = 0.0
anchor_top = 0.0
anchor_right = 0.0
anchor_bottom = 0.0
margin_right = 40.0
margin_bottom = 40.0
rect_pivot_offset = Vector2( 0, 0 )
rect_clip_content = false
mouse_filter = 0
mouse_default_cursor_shape = 0
size_flags_horizontal = 1
size_flags_vertical = 1
script = ExtResource( 1 )

[node name="TextureRect2" type="TextureRect" parent="." index="0"]

anchor_left = 0.0
anchor_top = 0.0
anchor_right = 0.0
anchor_bottom = 0.0
margin_right = 1920.0
margin_bottom = 1080.0
rect_pivot_offset = Vector2( 0, 0 )
rect_clip_content = false
mouse_filter = 1
mouse_default_cursor_shape = 0
size_flags_horizontal = 1
size_flags_vertical = 1
texture = ExtResource( 2 )
stretch_mode = 0
_sections_unfolded = [ "Margin" ]

[node name="Logo" type="Sprite" parent="TextureRect2" index="0"]

position = Vector2( 990.261, 332.478 )
texture = ExtResource( 3 )

[node name="press_AK" type="Sprite" parent="TextureRect2" index="1"]

visible = false
position = Vector2( 993, 910.169 )
scale = Vector2( 0.6, 0.6 )
texture = ExtResource( 4 )
script = ExtResource( 5 )
_sections_unfolded = [ "Transform" ]

[node name="TimerOn" type="Timer" parent="TextureRect2/press_AK" index="0"]

process_mode = 1
wait_time = 1.0
one_shot = true
autostart = false

[node name="TimerOff" type="Timer" parent="TextureRect2/press_AK" index="1"]

process_mode = 1
wait_time = 1.0
one_shot = false
autostart = false

[node name="TextureRect" type="TextureRect" parent="." index="1"]

visible = false
anchor_left = 0.0
anchor_top = 0.0
anchor_right = 0.0
anchor_bottom = 0.0
margin_left = 2.0
margin_right = 1922.0
margin_bottom = 1080.0
rect_pivot_offset = Vector2( 0, 0 )
rect_clip_content = false
mouse_filter = 1
mouse_default_cursor_shape = 0
size_flags_horizontal = 1
size_flags_vertical = 1
texture = ExtResource( 6 )
stretch_mode = 0

[node name="Logo" type="Sprite" parent="TextureRect" index="0"]

position = Vector2( 988.261, 332.478 )
texture = ExtResource( 3 )

[node name="Buttons" type="VBoxContainer" parent="." index="2"]

visible = false
anchor_left = 0.0
anchor_top = 0.0
anchor_right = 0.0
anchor_bottom = 0.0
margin_left = 791.0
margin_top = 667.0
margin_right = 1191.0
margin_bottom = 1015.0
rect_pivot_offset = Vector2( 0, 0 )
rect_clip_content = false
mouse_filter = 1
mouse_default_cursor_shape = 0
size_flags_horizontal = 1
size_flags_vertical = 1
alignment = 0

[node name="menu_background" type="Sprite" parent="Buttons" index="0"]

position = Vector2( -101, -667 )
scale = Vector2( 1.0715, 1 )
texture = ExtResource( 7 )
centered = false
_sections_unfolded = [ "Offset", "Transform" ]

[node name="StartButton" type="TextureButton" parent="Buttons" index="1"]

anchor_left = 0.0
anchor_top = 0.0
anchor_right = 0.0
anchor_bottom = 0.0
margin_right = 400.0
margin_bottom = 84.0
rect_pivot_offset = Vector2( 0, 0 )
rect_clip_content = false
focus_mode = 2
mouse_filter = 0
mouse_default_cursor_shape = 0
size_flags_horizontal = 1
size_flags_vertical = 1
toggle_mode = false
action_mode = 0
enabled_focus_mode = 2
shortcut = null
group = null
texture_normal = ExtResource( 8 )
texture_pressed = ExtResource( 9 )
texture_hover = ExtResource( 10 )
_sections_unfolded = [ "Textures", "Theme" ]

[node name="SoundButton" type="TextureButton" parent="Buttons" index="2"]

anchor_left = 0.0
anchor_top = 0.0
anchor_right = 0.0
anchor_bottom = 0.0
margin_top = 88.0
margin_right = 400.0
margin_bottom = 172.0
rect_pivot_offset = Vector2( 0, 0 )
rect_clip_content = false
focus_mode = 2
mouse_filter = 0
mouse_default_cursor_shape = 0
size_flags_horizontal = 1
size_flags_vertical = 1
toggle_mode = true
enabled_focus_mode = 2
shortcut = null
group = null
texture_normal = ExtResource( 11 )
texture_pressed = ExtResource( 12 )
texture_hover = ExtResource( 13 )
texture_disabled = ExtResource( 14 )
_sections_unfolded = [ "Textures" ]

[node name="ControlsButton" type="TextureButton" parent="Buttons" index="3"]

anchor_left = 0.0
anchor_top = 0.0
anchor_right = 0.0
anchor_bottom = 0.0
margin_top = 176.0
margin_right = 400.0
margin_bottom = 260.0
rect_pivot_offset = Vector2( 0, 0 )
rect_clip_content = false
focus_mode = 2
mouse_filter = 0
mouse_default_cursor_shape = 0
size_flags_horizontal = 1
size_flags_vertical = 1
toggle_mode = false
enabled_focus_mode = 2
shortcut = null
group = null
texture_normal = ExtResource( 15 )
texture_pressed = ExtResource( 16 )
texture_hover = ExtResource( 17 )
_sections_unfolded = [ "Textures" ]

[node name="QuitButton" type="TextureButton" parent="Buttons" index="4"]

anchor_left = 0.0
anchor_top = 0.0
anchor_right = 0.0
anchor_bottom = 0.0
margin_top = 264.0
margin_right = 400.0
margin_bottom = 348.0
rect_pivot_offset = Vector2( 0, 0 )
rect_clip_content = false
focus_mode = 2
mouse_filter = 0
mouse_default_cursor_shape = 0
size_flags_horizontal = 1
size_flags_vertical = 1
toggle_mode = false
enabled_focus_mode = 2
shortcut = null
group = null
texture_normal = ExtResource( 18 )
texture_pressed = ExtResource( 19 )
texture_hover = ExtResource( 20 )
_sections_unfolded = [ "Textures" ]

[node name="Logo2" type="Sprite" parent="Buttons" index="5"]

position = Vector2( 199.261, -334.522 )
texture = ExtResource( 3 )

[node name="Buttons2" type="VBoxContainer" parent="." index="3"]

visible = false
anchor_left = 0.0
anchor_top = 0.0
anchor_right = 0.0
anchor_bottom = 0.0
margin_left = 791.0
margin_top = 667.0
margin_right = 1203.0
margin_bottom = 1015.0
rect_pivot_offset = Vector2( 0, 0 )
rect_clip_content = false
mouse_filter = 1
mouse_default_cursor_shape = 0
size_flags_horizontal = 1
size_flags_vertical = 1
alignment = 2
__meta__ = {
"_edit_group_": true
}

[node name="menu_background2" type="Sprite" parent="Buttons2" index="0"]

position = Vector2( -101, -667 )
scale = Vector2( 1.0715, 1 )
texture = ExtResource( 7 )
centered = false
_sections_unfolded = [ "Offset", "Transform" ]

[node name="controls" type="Sprite" parent="Buttons2" index="1"]

position = Vector2( 199, 33 )
texture = ExtResource( 21 )

[node name="BackButton" type="TextureButton" parent="Buttons2" index="2"]

anchor_left = 0.0
anchor_top = 0.0
anchor_right = 0.0
anchor_bottom = 0.0
margin_top = 264.0
margin_right = 412.0
margin_bottom = 348.0
rect_pivot_offset = Vector2( 0, 0 )
rect_clip_content = false
focus_mode = 2
mouse_filter = 0
mouse_default_cursor_shape = 0
size_flags_horizontal = 1
size_flags_vertical = 1
toggle_mode = false
enabled_focus_mode = 2
shortcut = null
group = null
texture_normal = ExtResource( 22 )
texture_pressed = ExtResource( 23 )
texture_hover = ExtResource( 24 )
_sections_unfolded = [ "Textures" ]

[node name="AudioStreamPlayer" type="AudioStreamPlayer" parent="." index="4"]

stream = ExtResource( 25 )
volume_db = 0.0
pitch_scale = 1.0
autoplay = true
mix_target = 0
bus = "Master"

[node name="ButtonHovered" type="AudioStreamPlayer2D" parent="." index="5"]

stream = ExtResource( 26 )
volume_db = 16.35
pitch_scale = 1.0
autoplay = false
max_distance = 2000.0
attenuation = 1.0
bus = "Master"
area_mask = 1

[node name="ButtonClicked" type="AudioStreamPlayer2D" parent="." index="6"]

stream = ExtResource( 27 )
volume_db = 2.59
pitch_scale = 1.0
autoplay = false
max_distance = 2000.0
attenuation = 1.0
bus = "Master"
area_mask = 1

[node name="PlayButtonTimer" type="Timer" parent="." index="7"]

process_mode = 1
wait_time = 1.0
one_shot = false
autostart = false

[connection signal="timeout" from="TextureRect2/press_AK/TimerOn" to="TextureRect2/press_AK" method="_on_TimerOn_timeout"]

[connection signal="timeout" from="TextureRect2/press_AK/TimerOff" to="TextureRect2/press_AK" method="_on_TimerOff_timeout"]

[connection signal="mouse_entered" from="Buttons/StartButton" to="." method="_on_StartButton_mouse_entered"]

[connection signal="pressed" from="Buttons/StartButton" to="." method="_on_StartButton_pressed"]

[connection signal="mouse_entered" from="Buttons/SoundButton" to="." method="_on_SoundButton_mouse_entered"]

[connection signal="pressed" from="Buttons/SoundButton" to="." method="_on_SoundButton_pressed"]

[connection signal="mouse_entered" from="Buttons/ControlsButton" to="." method="_on_ControlsButton_mouse_entered"]

[connection signal="pressed" from="Buttons/ControlsButton" to="." method="_on_ControlsButton_pressed"]

[connection signal="mouse_entered" from="Buttons/QuitButton" to="." method="_on_QuitButton_mouse_entered"]

[connection signal="pressed" from="Buttons/QuitButton" to="." method="_on_QuitButton_pressed"]

[connection signal="mouse_entered" from="Buttons2/BackButton" to="." method="_on_BackButton_mouse_entered"]

[connection signal="pressed" from="Buttons2/BackButton" to="." method="_on_BackButton_pressed"]

[connection signal="timeout" from="PlayButtonTimer" to="." method="_on_PlayButtonTimer_timeout"]


