[gd_scene load_steps=34 format=2]

[ext_resource path="res://Scripts/Player.gd" type="Script" id=1]
[ext_resource path="res://Scenes/Bullet.tscn" type="PackedScene" id=2]
[ext_resource path="res://Assets/ours/ship.png" type="Texture" id=3]
[ext_resource path="res://Assets/ours/ship-right.png" type="Texture" id=4]
[ext_resource path="res://Assets/ours/ship-left.png" type="Texture" id=5]
[ext_resource path="res://Assets/ours/animations/ship_explosion/ship_explosion_00000.png" type="Texture" id=6]
[ext_resource path="res://Assets/ours/animations/ship_explosion/ship_explosion_00001.png" type="Texture" id=7]
[ext_resource path="res://Assets/ours/animations/ship_explosion/ship_explosion_00002.png" type="Texture" id=8]
[ext_resource path="res://Assets/ours/animations/ship_explosion/ship_explosion_00003.png" type="Texture" id=9]
[ext_resource path="res://Assets/ours/animations/ship_explosion/ship_explosion_00004.png" type="Texture" id=10]
[ext_resource path="res://Assets/ours/animations/ship_explosion/ship_explosion_00005.png" type="Texture" id=11]
[ext_resource path="res://Assets/ours/animations/ship_explosion/ship_explosion_00006.png" type="Texture" id=12]
[ext_resource path="res://Assets/ours/animations/ship_explosion/ship_explosion_00007.png" type="Texture" id=13]
[ext_resource path="res://Assets/ours/animations/ship_explosion/ship_explosion_00008.png" type="Texture" id=14]
[ext_resource path="res://Assets/ours/animations/ship_explosion/ship_explosion_00009.png" type="Texture" id=15]
[ext_resource path="res://Assets/ours/animations/ship_explosion/ship_explosion_00010.png" type="Texture" id=16]
[ext_resource path="res://Assets/ours/animations/ship_explosion/ship_explosion_00011.png" type="Texture" id=17]
[ext_resource path="res://Assets/ours/animations/ship_explosion/ship_explosion_00012.png" type="Texture" id=18]
[ext_resource path="res://Assets/ours/animations/ship_explosion/ship_explosion_00013.png" type="Texture" id=19]
[ext_resource path="res://Assets/ours/animations/ship_explosion/ship_explosion_00014.png" type="Texture" id=20]
[ext_resource path="res://Assets/ours/animations/ship_explosion/ship_explosion_00015.png" type="Texture" id=21]
[ext_resource path="res://Assets/ours/animations/ship_explosion/ship_explosion_00016.png" type="Texture" id=22]
[ext_resource path="res://Assets/ours/animations/ship_explosion/ship_explosion_00017.png" type="Texture" id=23]
[ext_resource path="res://Assets/ours/animations/ship_explosion/ship_explosion_00018.png" type="Texture" id=24]
[ext_resource path="res://Assets/ours/sluza/ship-otwartasluza-center.png" type="Texture" id=25]
[ext_resource path="res://Assets/ours/ship_active/ship-sluza-active-left.png" type="Texture" id=26]
[ext_resource path="res://Assets/ours/ship_active/ship-active-center.png" type="Texture" id=27]
[ext_resource path="res://Assets/ours/ship_active/ship-active-right.png" type="Texture" id=28]
[ext_resource path="res://Assets/ours/ship_active/ship-active-left.png" type="Texture" id=29]
[ext_resource path="res://Assets/ours/sluza/ship-otwartasluza-right.png" type="Texture" id=30]
[ext_resource path="res://Assets/ours/sluza/ship-otwartasluza-left.png" type="Texture" id=31]
[ext_resource path="res://Assets/ours/ship_active/ship-sluza-active-center.png" type="Texture" id=32]

[sub_resource type="SpriteFrames" id=1]

animations = [ {
"frames": [ ExtResource( 3 ) ],
"loop": true,
"name": "idle",
"speed": 5.0
}, {
"frames": [ ExtResource( 4 ) ],
"loop": true,
"name": "right",
"speed": 5.0
}, {
"frames": [ ExtResource( 5 ) ],
"loop": true,
"name": "left",
"speed": 5.0
}, {
"frames": [ ExtResource( 6 ), ExtResource( 7 ), ExtResource( 8 ), ExtResource( 9 ), ExtResource( 10 ), ExtResource( 11 ), ExtResource( 12 ), ExtResource( 13 ), ExtResource( 14 ), ExtResource( 15 ), ExtResource( 16 ), ExtResource( 17 ), ExtResource( 18 ), ExtResource( 19 ), ExtResource( 20 ), ExtResource( 21 ), ExtResource( 22 ), ExtResource( 23 ), ExtResource( 24 ) ],
"loop": false,
"name": "explode",
"speed": 15.0
}, {
"frames": [ ExtResource( 25 ) ],
"loop": true,
"name": "idle-floodgate",
"speed": 5.0
}, {
"frames": [ ExtResource( 26 ) ],
"loop": true,
"name": "left-floodgate-active",
"speed": 5.0
}, {
"frames": [ ExtResource( 27 ) ],
"loop": true,
"name": "idle-active",
"speed": 5.0
}, {
"frames": [ ExtResource( 28 ) ],
"loop": true,
"name": "right-active",
"speed": 5.0
}, {
"frames": [ ExtResource( 29 ) ],
"loop": true,
"name": "left-active",
"speed": 5.0
}, {
"frames": [ ExtResource( 30 ) ],
"loop": true,
"name": "right-floodgate",
"speed": 15.0
}, {
"frames": [ ExtResource( 31 ) ],
"loop": true,
"name": "left-floodgate",
"speed": 5.0
}, {
"frames": [ ExtResource( 28 ) ],
"loop": true,
"name": "right-floodgate-active",
"speed": 5.0
}, {
"frames": [ ExtResource( 32 ) ],
"loop": true,
"name": "idle-floodgate-active",
"speed": 0.0
} ]

[node name="Player" type="RigidBody2D" groups=[
"Player",
]]

position = Vector2( 440.975, 498.251 )
input_pickable = false
collision_layer = 1
collision_mask = 12
mode = 0
mass = 1.0
friction = 1.0
bounce = 0.0
gravity_scale = 1.0
custom_integrator = false
continuous_cd = 0
contacts_reported = 0
contact_monitor = false
sleeping = false
can_sleep = true
linear_velocity = Vector2( 0, 0 )
linear_damp = 10.0
angular_velocity = 0.0
angular_damp = -1.0
script = ExtResource( 1 )
_sections_unfolded = [ "Collision", "Linear" ]
__meta__ = {
"_edit_group_": true
}
SPEED = 4500
Bullet = ExtResource( 2 )
fire_rate = 0.0
path_amount = 50

[node name="Muzzle" type="Position2D" parent="." index="0"]

position = Vector2( 0, -50 )

[node name="GunTimer" type="Timer" parent="." index="1"]

process_mode = 1
wait_time = 1.0
one_shot = true
autostart = true

[node name="CollisionPolygon2D" type="CollisionPolygon2D" parent="." index="2"]

build_mode = 0
polygon = PoolVector2Array( -3.24625, -47.9757, 3.74487, -47.9757, 4.68271, -46.7821, 6.21735, -46.4411, 6.13208, -44.5654, 8.17828, -43.6276, 10.395, -42.3487, 11.6738, -40.4731, 11.4181, -37.9153, 10.9065, -36.3807, 14.3168, -34.2492, 18.2387, -29.219, 21.8195, -23.251, 24.1215, -18.8176, 24.1215, -16.9419, 24.3772, -14.8105, 25.0593, -12.5938, 25.5708, -11.5707, 25.4856, -5.9437, 25.8266, -1.76608, 26.0824, 3.0936, 25.1446, 4.7135, 24.4625, 7.52701, 24.4625, 10.4258, 31.9651, 12.472, 39.212, 16.0528, 44.4128, 18.781, 48.1641, 22.2766, 49.5282, 24.4081, 50.8923, 26.7953, 51.9154, 29.1825, 52.0859, 30.8023, 51.3186, 31.3139, 45.3506, 29.6087, 36.5691, 27.3921, 27.3612, 25.5164, 21.3932, 24.4081, 19.4323, 24.4081, 17.8124, 26.8805, 16.6188, 28.9267, 16.022, 30.7171, 14.7431, 33.3601, 13.1232, 35.7473, 10.3097, 37.5377, 7.32568, 39.1576, 4.17114, 40.266, 2.0397, 40.5217, -0.859039, 40.0954, -6.31552, 38.8166, -10.6637, 36.0883, -13.1361, 32.7633, -14.9265, 28.0741, -15.0118, 26.1132, -16.4612, 24.4933, -18.0811, 23.7259, -22.5997, 25.2606, -27.4594, 25.6016, -50.2232, 32.2517, -50.138, 28.2446, -48.7738, 24.8343, -45.7046, 21.2534, -41.3564, 18.3547, -36.923, 15.5412, -29.5909, 12.472, -25.8395, 10.9373, -22.1735, 9.82895, -25.1575, 3.43463, -24.3049, 3.00833, -24.1344, 0.70639, -24.0491, -12.8496, -22.2587, -20.0965, -18.6779, -27.8549, -10.4079, -36.9775, -8.95853, -41.3256, -5.71872, -43.8834, -5.12192, -46.2706 )

[node name="AnimatedSprite" type="AnimatedSprite" parent="." index="3"]

frames = SubResource( 1 )
animation = "idle"
_sections_unfolded = [ "Visibility" ]

[node name="DeathTimer" type="Timer" parent="." index="4"]

process_mode = 1
wait_time = 3.0
one_shot = true
autostart = false

[node name="DamageTimer" type="Timer" parent="." index="5"]

process_mode = 1
wait_time = 1.0
one_shot = false
autostart = false

[connection signal="timeout" from="GunTimer" to="." method="_on_GunTimer_timeout"]

[connection signal="timeout" from="DeathTimer" to="." method="_on_DeathTimer_timeout"]

[connection signal="timeout" from="DamageTimer" to="." method="_on_DamageTimer_timeout"]


